@inproceedings{sklearn_api,
	author    = {Lars Buitinck and Gilles Louppe and Mathieu Blondel and
	Fabian Pedregosa and Andreas Mueller and Olivier Grisel and
	Vlad Niculae and Peter Prettenhofer and Alexandre Gramfort
	and Jaques Grobler and Robert Layton and Jake VanderPlas and
	Arnaud Joly and Brian Holt and Ga{\"{e}}l Varoquaux},
	title     = {{API} design for machine learning software: experiences from the scikit-learn
	project},
	booktitle = {ECML PKDD Workshop: Languages for Data Mining and Machine Learning},
	year      = {2013},
	pages = {108--122},
}

@misc{ wiki:bandpass,
	author = "{Wikipedia contributors}",
	title = "Band-pass filter --- {Wikipedia}{,} The Free Encyclopedia",
	year = "2018",
	howpublished = "\url{https://en.wikipedia.org/w/index.php?title=Band-pass_filter&oldid=826691128}",
	note = "[Online; accessed 29-April-2018]"
}

@misc{ iit:audioclass,
	author = "{Hariharan Subramanian}",
	title = "AUDIO SIGNAL CLASSIFICATION  --- {Hariharan Subramanian}",
	year = "2004",
	howpublished = "\url{https://www.ee.iitb.ac.in/~esgroup/es_mtech04_sem/es_sem04_paper_04307909.pdf}",
	note = "[Online; accessed 29-April-2018]"
}

@misc{ philips:audioclass,
	author = "{Jeroen Breebaart and Martin McKinney}",
	title = "FEATURES FOR AUDIO CLASSIFICATION  --- {Jeroen Breebaart and Martin McKinney",
	year = "2004",
	howpublished = "\url{https://www.researchgate.net/publication/250008991}",
	note = "[Online; accessed 29-April-2018]"
}